@article{Marshall2016AnalysisToolbox,
    title = {{Analysis of Power Laws, Shape Collapses, and Neural Complexity: New Techniques and MATLAB Support via the NCC Toolbox}},
    year = {2016},
    journal = {Frontiers in Physiology},
    author = {Marshall, Najja and Timme, Nicholas M. and Bennett, Nicholas and Ripp, Monica and Lautzenhiser, Edward and Beggs, John M.},
    month = {6},
    pages = {250},
    volume = {7},
    publisher = {Frontiers Media S.A.},
    doi = {10.3389/FPHYS.2016.00250/BIBTEX},
    issn = {1664042X},
    pmid = {27445842},
    keywords = {MATLAB, information theory, neural avalanche, neural complexity, neural criticality, power law, shape collapse}
}

@article{Baro2012AnalysisMaps,
    title = {{Analysis of power-law exponents by maximum-likelihood maps}},
    year = {2012},
    journal = {Physical Review E},
    author = {Bar{\'{o}}, Jordi and Vives, Eduard},
    number = {6},
    month = {6},
    pages = {066121},
    volume = {85},
    publisher = {American Physical Society},
    url = {https://link.aps.org/doi/10.1103/PhysRevE.85.066121},
    doi = {10.1103/PhysRevE.85.066121},
    issn = {1539-3755}
}

@article{Harris2020ArrayNumPy,
    title = {{Array programming with NumPy}},
    year = {2020},
    journal = {Nature},
    author = {Harris, Charles R. and Millman, K. Jarrod and van der Walt, Stéfan J. and Gommers, Ralf and Virtanen, Pauli and Cournapeau, David and Wieser, Eric and Taylor, Julian and Berg, Sebastian and Smith, Nathaniel J. and Kern, Robert and Picus, Matti and Hoyer, Stephan and van Kerkwijk, Marten H. and Brett, Matthew and Haldane, Allan and del R{\'{i}}o, Jaime Fernández and Wiebe, Mark and Peterson, Pearu and G{\'{e}}rard-Marchant, Pierre and Sheppard, Kevin and Reddy, Tyler and Weckesser, Warren and Abbasi, Hameer and Gohlke, Christoph and Oliphant, Travis E.},
    number = {7825},
    month = {9},
    pages = {357--362},
    volume = {585},
    publisher = {Nature Research},
    doi = {10.1038/S41586-020-2649-2},
    issn = {14764687},
    pmid = {32939066},
    arxivId = {2006.10256}
}

@article{Beggs2012BeingBrain,
    title = {{Being Critical of Criticality in the Brain}},
    year = {2012},
    journal = {Frontiers in Physiology},
    author = {Beggs, John M. and Timme, Nicholas},
    volume = {3},
    url = {http://journal.frontiersin.org/article/10.3389/fphys.2012.00163/abstract},
    doi = {10.3389/fphys.2012.00163},
    issn = {1664-042X},
    keywords = {Ising model, avalanche, criticality, multi-electrode array, network, scale-free, statistical physics}
}

@phdthesis{Watkins2016DensitySuperconductors,
    title = {{Density driven vortex motion in narrow channel superconductors}},
    year = {2016},
    author = {Watkins, Jonathan Stewart},
    url = {https://etheses.bham.ac.uk/id/eprint/6517/},
    school = {University of Birmingham},
    keywords = {QC Physics}
}

@article{Deluca2013FittingDistributions,
    title = {{Fitting and goodness-of-fit test of non-truncated and truncated power-law distributions}},
    year = {2013},
    journal = {Acta Geophysica},
    author = {Deluca, Anna and Corral, Álvaro},
    number = {6},
    month = {12},
    pages = {1351--1394},
    volume = {61},
    url = {http://link.springer.com/10.2478/s11600-013-0154-9},
    doi = {10.2478/s11600-013-0154-9},
    issn = {1895-6572},
    keywords = {bin-ning, goodness-of-fit tests, power-law distribution estimation, seismic-moment distribution, tropical-cyclone energy, waiting-time distribution}
}

@article{Pruymboom1988Flux-lineFilms,
    title = {{Flux-line shear through narrow constraints in superconducting films}},
    year = {1988},
    journal = {Physical Review Letters},
    author = {Pruymboom, A. and Kes, P. H. and Van Der Drift, E. and Radelaar, S.},
    number = {14},
    month = {4},
    pages = {1430},
    volume = {60},
    publisher = {American Physical Society},
    url = {https://journals.aps.org/prl/abstract/10.1103/PhysRevLett.60.1430},
    doi = {10.1103/PhysRevLett.60.1430},
    issn = {00319007}
}

@article{Wei1997InteractionSuperconductor,
    title = {{Interaction between a cylindrical superconducting impurity and a vortex in a type-II superconductor}},
    year = {1997},
    journal = {Physica C: Superconductivity},
    author = {Wei, J. C. and Chen, J. L. and Liu, R. S. and Yang, T. J.},
    number = {1-2},
    month = {2},
    pages = {135--140},
    volume = {275},
    publisher = {North-Holland},
    doi = {10.1016/S0921-4534(96)00717-4},
    issn = {0921-4534}
}

@book{Tinkham2004IntroductionSuperconductivity,
    title = {{Introduction to Superconductivity}},
    year = {2004},
    author = {Tinkham, Michael},
    edition = {Second Edition},
    volume = {},
    publisher = {Mineola, N.Y. : Dover Publications, 2004},
    isbn = {0486435032},
    keywords = {book, superconductivity}
}

@phdthesis{Gartlan2020NovelFibres,
    title = {{Novel excitations in driven vortex channels in a superconductor, and solitary waves of light and atoms in photonic crystal fibres}},
    year = {2020},
    author = {Gartlan, Jack Anthony},
    url = {https://etheses.bham.ac.uk/id/eprint/9918/},
    school = {University of Birmingham},
    keywords = {QC Physics}
}

@article{Corral2019PowerRevisited,
    title = {{Power Law Size Distributions in Geoscience Revisited}},
    year = {2019},
    journal = {Earth and Space Science},
    author = {Corral, Álvaro and Gonz{\'{a}}lez, Álvaro},
    number = {5},
    month = {5},
    pages = {2018EA000479},
    volume = {6},
    publisher = {John Wiley {\&} Sons, Ltd},
    url = {https://onlinelibrary.wiley.com/doi/abs/10.1029/2018EA000479},
    doi = {10.1029/2018EA000479},
    issn = {2333-5084}
}

@article{Clauset2009Power-LawData,
    title = {{Power-Law Distributions in Empirical Data}},
    year = {2009},
    journal = {SIAM Review},
    author = {Clauset, Aaron and Shalizi, Cosma Rohilla and Newman, M. E. J.},
    number = {4},
    month = {11},
    pages = {661--703},
    volume = {51},
    url = {http://epubs.siam.org/doi/10.1137/070710111},
    doi = {10.1137/070710111},
    issn = {0036-1445},
    keywords = {Heavy-tailed distributions, Likelihood ratio test, Maximum likelihood, Model selection, Pareto, Power-law distributions, Zipf}
}

@article{Goldstein2004ProblemsDistribution,
    title = {{Problems with fitting to the power-law distribution}},
    year = {2004},
    journal = {European Physical Journal B},
    author = {Goldstein, M. L. and Morris, S. A. and Yen, G. G.},
    number = {2},
    month = {9},
    pages = {255--258},
    volume = {41},
    url = {http://arxiv.org/abs/cond-mat/0402322 http://dx.doi.org/10.1140/epjb/e2004-00316-5},
    doi = {10.1140/EPJB/E2004-00316-5},
    issn = {14346028},
    arxivId = {cond-mat/0402322}
}

@book{Jensen1998Self-organizedSystems,
    title = {{Self-organized criticality : emergent complex behavior in physical and biological systems}},
    year = {1998},
    author = {Jensen, Henrik Jeldtoft},
    month = {1},
    pages = {153},
    isbn = {9780521483711}
}

@article{Tang1993SOCState,
    title = {{SOC and the Bean critical state}},
    year = {1993},
    journal = {Physica A: Statistical Mechanics and its Applications},
    author = {Tang, Chao},
    number = {1-4},
    month = {3},
    pages = {315--320},
    volume = {194},
    publisher = {North-Holland},
    doi = {10.1016/0378-4371(93)90364-A},
    issn = {0378-4371}
}

@article{Field1995SuperconductingAvalanches,
    title = {{Superconducting Vortex Avalanches}},
    year = {1995},
    journal = {Physical Review Letters},
    author = {Field, Stuart and Witt, Jeff and Nori, Franco and Ling, Xinsheng},
    number = {7},
    month = {2},
    pages = {1206},
    volume = {74},
    url = {https://journals-aps-org.ezproxyd.bham.ac.uk/prl/abstract/10.1103/PhysRevLett.74.1206},
    doi = {10.1103/PhysRevLett.74.1206},
    issn = {00319007}
}

@book{Poole2014Superconductivity,
    title = {{Superconductivity}},
    year = {2014},
    author = {Poole, Charles P. and Farach, Horacio A. and Creswick, Richard J. and Prozorov, Ruslan.},
    edition = {3rd ed.},
    publisher = {Elsevier Science},
    isbn = {978-0-12-409509-0}
}

@book{I.S.Gradshteyn2015TableProducts,
    title = {{Table of Integrals, Series, and Products}},
    year = {2015},
    booktitle = {Table of Integrals, Series, and Products: Eighth Edition},
    author = {{I.S. Gradshteyn} and {I.M. Ryzhik}},
    editor = {{Daniel Zwillinger} and {Victor Moll} and {I.S. Gradshteyn} and {I.M. Ryzhik}},
    chapter = {8},
    edition = {Eighth Edition},
    pages = {867--1013},
    publisher = {Academic Press},
    url = {https://linkinghub.elsevier.com/retrieve/pii/C20100648395},
    address = {Boston},
    isbn = {9780123849335},
    doi = {10.1016/C2010-0-64839-5}
}

@article{VanDelft2010TheSuperconductivity,
    title = {{The discovery of superconductivity}},
    year = {2010},
    journal = {Physics Today},
    author = {Van Delft, Dirk and Kes, Peter},
    number = {9},
    month = {9},
    pages = {38},
    volume = {63},
    publisher = {American Institute of PhysicsAIP},
    url = {https://physicstoday.scitation.org/doi/abs/10.1063/1.3490499},
    doi = {10.1063/1.3490499},
    issn = {0031-9228},
    keywords = {Physics Today September 2010, page 38-43}
}

@article{Abrikosov1957TheAlloys,
    title = {{The magnetic properties of superconducting alloys}},
    year = {1957},
    journal = {Journal of Physics and Chemistry of Solids},
    author = {Abrikosov, A. A.},
    number = {3},
    month = {1},
    pages = {199--208},
    volume = {2},
    publisher = {Pergamon},
    doi = {10.1016/0022-3697(57)90083-5},
    issn = {0022-3697}
}

@article{Bardeen1965TheorySuperconductors,
    title = {{Theory of the Motion of Vortices in Superconductors}},
    year = {1965},
    journal = {Physical Review},
    author = {Bardeen, John and Stephen, M. J.},
    number = {4A},
    month = {11},
    pages = {A1197},
    volume = {140},
    publisher = {American Physical Society},
    url = {https://journals.aps.org/pr/abstract/10.1103/PhysRev.140.A1197},
    doi = {10.1103/PhysRev.140.A1197},
    issn = {0031899X}
}