@phdthesis{Watkins2016DensitySuperconductors,
    title = {{Density driven vortex motion in narrow channel superconductors}},
    year = {2016},
    author = {Watkins, Jonathan Stewart},
    url = {https://etheses.bham.ac.uk/id/eprint/6517/},
    school = {University of Birmingham},
    keywords = {QC Physics}
}

@book{Tinkham2004IntroductionSuperconductivity,
    title = {{Introduction to Superconductivity}},
    year = {2004},
    author = {Tinkham, Michael},
    edition = {Second Edition},
    volume = {},
    publisher = {Mineola, N.Y. : Dover Publications, 2004},
    isbn = {0486435032},
    keywords = {book, superconductivity}
}

@book{Poole2014Superconductivity,
    title = {{Superconductivity}},
    year = {2014},
    author = {Poole, Charles P. and Farach, Horacio A. and Creswick, Richard J. and Prozorov, Ruslan.},
    edition = {3rd ed.},
    publisher = {Elsevier Science},
    isbn = {978-0-12-409509-0}
}

@book{I.S.Gradshteyn2015TableProducts,
    title = {{Table of Integrals, Series, and Products}},
    year = {2015},
    booktitle = {Table of Integrals, Series, and Products: Eighth Edition},
    author = {{I.S. Gradshteyn} and {I.M. Ryzhik}},
    editor = {{Daniel Zwillinger} and {Victor Moll} and {I.S. Gradshteyn} and {I.M. Ryzhik}},
    chapter = {8},
    edition = {Eighth Edition},
    pages = {867--1013},
    publisher = {Academic Press},
    url = {https://linkinghub.elsevier.com/retrieve/pii/C20100648395},
    address = {Boston},
    isbn = {9780123849335},
    doi = {10.1016/C2010-0-64839-5}
}

@article{VanDelft2010TheSuperconductivity,
    title = {{The discovery of superconductivity}},
    year = {2010},
    journal = {Physics Today},
    author = {Van Delft, Dirk and Kes, Peter},
    number = {9},
    month = {9},
    pages = {38},
    volume = {63},
    publisher = {American Institute of PhysicsAIP},
    url = {https://physicstoday.scitation.org/doi/abs/10.1063/1.3490499},
    doi = {10.1063/1.3490499},
    issn = {0031-9228},
    keywords = {Physics Today September 2010, page 38-43}
}

@article{Abrikosov1957TheAlloys,
    title = {{The magnetic properties of superconducting alloys}},
    year = {1957},
    journal = {Journal of Physics and Chemistry of Solids},
    author = {Abrikosov, A. A.},
    number = {3},
    month = {1},
    pages = {199--208},
    volume = {2},
    publisher = {Pergamon},
    doi = {10.1016/0022-3697(57)90083-5},
    issn = {0022-3697}
}